@article{ViscousDemocracy,
author = {Boldi, Paolo and Bonchi, Francesco and Castillo, Carlos and Vigna, Sebastiano},
title = {Viscous Democracy for Social Networks},
year = {2011},
issue_date = {June 2011},
publisher = {Association for Computing Machinery},
address = {New York, NY, USA},
volume = {54},
number = {6},
issn = {0001-0782},
url = {https://doi.org/10.1145/1953122.1953154},
doi = {10.1145/1953122.1953154},
journal = {Commun. ACM},
month = jun,
pages = {129â€“137},
numpages = {9}
}
  
